@misc{3B1BEToTheIPi,
    author = {{3 Blue 1 Brown}},
    title = {Understanding e to the i pi in 3.14 minutes | {DE5}},
    year = {2019},
    url = {\url{https://youtu.be/v0YEaeIClKY}},
}

@misc{WikiSTNumbers,
    title = {Square Triangular Number},
    author = {Wikipedia},
    url = {\url{https://en.wikipedia.org/wiki/Square_triangular_number}},
    year = {2019},
    note = {Visited on 7/4/2019},
}

@misc{WikiTrigConstants,
    title = {Trigonometric constants expressed in real radicals},
    url = {\url{https://en.wikipedia.org/wiki/Trigonometric_constants_expressed_in_real_radicals}},
    author = {Wikipedia},
    year = {2019},
    note = {Visited on 7/4/2019},
}

@misc{WikiEulersFormula,
    title = {{Euler's} formula},
    url = {\url{https://en.wikipedia.org/wiki/Euler\%27s_formula}},
    author = {Wikipedia},
    year = {2019},
    note = {Visited on 12/7/2019},
}

@misc{WolframSTNumbers,
    title = {Square Triangular Number {From MathWorld--A Wolfram Web Resource}},
    author = {Weisstein, Eric W.},
    url = {\url{http://mathworld.wolfram.com/SquareTriangularNumber.html}},
    year = {2019},
    note = {Visited on 7/4/2019},
}

article{KnuthTranslation,
    title = {On the translation of languages from left to right},
    author = {Donald E. Knuth},
    year = {1965},
    volume = {8},
    month = jul,
    pages = {{607--639}},
    journal = {Information and Control},
    url = {\url{http://www.cs.dartmouth.edu/~mckeeman/cs48/mxcom/doc/knuth65.pdf}},
}

misc{ScratchFileFormat,
    author = {MIT},
    title = {Scratch File Format},
    year = {2017},
    url = {\url{https://en.scratch-wiki.info/wiki/Scratch_File_Format}},
}

misc{ScratchBlockSelectors,
    author = {MIT},
    title = {Block Selectors},
    year = {2018},
    url = {\url{https://en.scratch-wiki.info/wiki/Scratch_File_Format/Block_Selectors}},
}

misc{ScratchReporterBlock,
    author = {MIT},
    title = {Reporter Block},
    year = {2018},
    url = {\url{https://en.scratch-wiki.info/wiki/Reporter_Block}},
}

misc{ScratchArgument,
    author = {MIT},
    title = {Argument},
    year = {2018},
    url = {\url{https://en.scratch-wiki.info/wiki/Argument}},
}

book{LexYacc,
    title = {lex \& yacc},
    year = {1990},
    author = {John R. Levine and Tony Mason and Doug Brown},
    publisher = {O'REILLY},
}

book{CompilerConstruction,
    title = {Compiler Construction},
    subtitle = {Principles and Practice},
    author = {Kenneth C. Louden},
    publisher = {PWS},
    year = {1997},
}

misc{CompilerSE,
    title = {How to write a very basic compiler},
    url = {\url{https://softwareengineering.stackexchange.com/a/165558}},
    author = {9000},
    year = {2012},
}

book{TheoryTranslation,
    title = {The Theory of Parsing, Translation, and Compiling},
    volume = {1},
    publisher = {Prentice Hall},
    year = {1972},
    author = {Alfred V. Aho and Jeffrey D Ullman},
}

book{CompilerPrinciples,
    title = {Compilers: Principles, Techniques, and Tools},
    author = {Alfred Aho and Monica Lam and Ravi Sethi and Jeffrey Ullman},
    edition = {2},
    publisher = {Prentice Hall},
    year = {2006},
}

article{ChomskyGrammar,
    title = {Three models for the description of language},
    year = {1956},
    author = {Noam Chomsky},
    journal = {{IRE} Transactions on Information Theory},
    volume = {2},
    pages = {{113--124}},
    url = {\url{https://chomsky.info/wp-content/uploads/195609-.pdf}},
}


techreport{PEP8,
    type = {{PEP}},
    key = {{PEP} 8},
    title = {PEP 8},
    author = {Guido van Rossum and others},
    institution = {Python Software Foundation},
    year = {2014},
    howpublished = {PEP at \textit{https://legacy.python.org/dev/peps/pep-8}},
    version = {9b715d8246db}
}

book{Crenshaw,
    title = {Let's Build a Compiler},
    author = {Jack Crenshaw},
    url = {\url{https://compilers.iecc.com/crenshaw/}},
    year = {1988},
    publisher = {IECC},
}
